% Encoding: UTF-8

@WWW{Cisco2018,
  author  = {Cisco},
  editor  = {Hugues De Pra},
  title   = {Cisco Belgie organiseert de eerste Python-challenge in ons land},
  year    = {2018},
  date    = {2018-02-26},
  url     = {https://gblogs.cisco.com/be/cisco-belgie-organiseert-de-eerste-python-challenge-in-ons-land/},
  journal = {Belux blog},
}

@WWW{PythonInstituteWIP,
  author = {PythonInstitute},
  editor = {PythonInstitute},
  title  = {What is Python},
  url    = {https://pythoninstitute.org/what-is-python/},
}

@WWW{SO2017,
  author = {David Robinson},
  editor = {David Robinson},
  title  = {The Incredible Growth of Python},
  year   = {2017},
  date   = {2017-09-06},
  url    = {https://stackoverflow.blog/2017/09/06/incredible-growth-python/},
}

@Comment{jabref-meta: databaseType:biblatex;}
